<?xml version="1.0" encoding="UTF-8"?><collection xmlns="http://www.loc.gov/MARC21/slim"><record><leader>00479nam--2200181-i-4500</leader><controlfield tag="001">000037792</controlfield><controlfield tag="002">20161230</controlfield><controlfield tag="005">20170205215642</controlfield><controlfield tag="008">060222s1000------------r-----000-0-eng-d</controlfield><datafield ind1=" " ind2=" " tag="040"><subfield code="a">IFIN-HH</subfield></datafield><datafield ind1=" " ind2=" " tag="080"><subfield code="a">53.08(083.3)</subfield></datafield><datafield ind1="1" ind2=" " tag="100"><subfield code="a">Ramaswamy, G. S</subfield></datafield><datafield ind1="1" ind2="0" tag="245"><subfield code="a">Si units. a source book</subfield><subfield code="c">G.S. Ramaswamy, V.V.L. Rao</subfield></datafield><datafield ind1=" " ind2=" " tag="260"><subfield code="a">Bombay</subfield><subfield code="b">Tata Mcgraw-hill Publ.Co.Lim</subfield><subfield code="c">1971</subfield></datafield><datafield ind1=" " ind2=" " tag="300"><subfield code="a">109 p</subfield></datafield><datafield ind1="1" ind2=" " tag="700"><subfield code="a">Rao, V. V. L</subfield></datafield><datafield ind1=" " ind2=" " tag="852"><subfield code="a">43088</subfield><subfield code="c">53.08</subfield></datafield><datafield ind1=" " ind2=" " tag="CAT"><subfield code="a">SYS</subfield><subfield code="c">20170205</subfield><subfield code="h">215642</subfield></datafield></record></collection>